[{"a":3143919757,"p":"54208.99000000","q":"0.00034000","f":3800594193,"l":3800594195,"T":1725806265267,"m":false,"M":true},{"a":3143919758,"p":"54208.99000000","q":"0.00374000","f":3800594196,"l":3800594196,"T":1725806265472,"m":true,"M":true},{"a":3143919759,"p":"54208.99000000","q":"0.01846000","f":3800594197,"l":3800594197,"T":1725806266522,"m":true,"M":true},{"a":3143919760,"p":"54208.99000000","q":"0.00451000","f":3800594198,"l":3800594198,"T":1725806266568,"m":true,"M":true},{"a":3143919761,"p":"54209.00000000","q":"0.00103000","f":3800594199,"l":3800594199,"T":1725806266757,"m":false,"M":true},{"a":3143919762,"p":"54209.00000000","q":"0.05945000","f":3800594200,"l":3800594204,"T":1725806267658,"m":false,"M":true},{"a":3143919763,"p":"54209.00000000","q":"0.00672000","f":3800594205,"l":3800594207,"T":1725806269481,"m":false,"M":true},{"a":3143919764,"p":"54209.00000000","q":"0.02032000","f":3800594208,"l":3800594213,"T":1725806269491,"m":false,"M":true},{"a":3143919765,"p":"54209.01000000","q":"0.00020000","f":3800594214,"l":3800594215,"T":1725806269493,"m":false,"M":true},{"a":3143919766,"p":"54209.03000000","q":"0.00120000","f":3800594216,"l":3800594227,"T":1725806269493,"m":false,"M":true},{"a":3143919767,"p":"54209.04000000","q":"0.00072000","f":3800594228,"l":3800594229,"T":1725806269493,"m":false,"M":true},{"a":3143919768,"p":"54209.04000000","q":"0.00014000","f":3800594230,"l":3800594231,"T":1725806269503,"m":false,"M":true},{"a":3143919769,"p":"54209.55000000","q":"0.00020000","f":3800594232,"l":3800594233,"T":1725806269513,"m":false,"M":true},{"a":3143919770,"p":"54209.99000000","q":"0.00014000","f":3800594234,"l":3800594235,"T":1725806269513,"m":false,"M":true},{"a":3143919771,"p":"54209.99000000","q":"0.00034000","f":3800594236,"l":3800594239,"T":1725806269513,"m":false,"M":true},{"a":3143919772,"p":"54209.99000000","q":"0.00034000","f":3800594240,"l":3800594242,"T":1725806269513,"m":false,"M":true},{"a":3143919773,"p":"54209.99000000","q":"0.00034000","f":3800594243,"l":3800594246,"T":1725806269513,"m":false,"M":true},{"a":3143919774,"p":"54209.99000000","q":"0.00034000","f":3800594247,"l":3800594249,"T":1725806269513,"m":false,"M":true},{"a":3143919775,"p":"54209.99000000","q":"0.00291000","f":3800594250,"l":3800594250,"T":1725806269784,"m":true,"M":true},{"a":3143919776,"p":"54210.00000000","q":"0.02020000","f":3800594251,"l":3800594254,"T":1725806270360,"m":false,"M":true},{"a":3143919777,"p":"54210.35000000","q":"0.00120000","f":3800594255,"l":3800594266,"T":1725806270360,"m":false,"M":true},{"a":3143919778,"p":"54210.36000000","q":"0.01900000","f":3800594267,"l":3800594267,"T":1725806270360,"m":false,"M":true},{"a":3143919779,"p":"54210.36000000","q":"0.00120000","f":3800594268,"l":3800594270,"T":1725806270360,"m":false,"M":true},{"a":3143919780,"p":"54210.97000000","q":"0.00120000","f":3800594271,"l":3800594282,"T":1725806270360,"m":false,"M":true},{"a":3143919781,"p":"54210.98000000","q":"0.00020000","f":3800594283,"l":3800594284,"T":1725806270360,"m":false,"M":true},{"a":3143919782,"p":"54211.00000000","q":"0.02770000","f":3800594285,"l":3800594288,"T":1725806270360,"m":false,"M":true},{"a":3143919783,"p":"54211.10000000","q":"0.03843000","f":3800594289,"l":3800594289,"T":1725806270360,"m":false,"M":true},{"a":3143919784,"p":"54211.10000000","q":"0.03536000","f":3800594290,"l":3800594290,"T":1725806270362,"m":false,"M":true},{"a":3143919785,"p":"54212.00000000","q":"0.02000000","f":3800594291,"l":3800594292,"T":1725806270362,"m":false,"M":true},{"a":3143919786,"p":"54213.00000000","q":"0.02496000","f":3800594293,"l":3800594296,"T":1725806270363,"m":false,"M":true},{"a":3143919787,"p":"54213.00000000","q":"0.00034000","f":3800594297,"l":3800594297,"T":1725806270365,"m":false,"M":true},{"a":3143919788,"p":"54213.00000000","q":"0.00240000","f":3800594298,"l":3800594298,"T":1725806270366,"m":false,"M":true},{"a":3143919789,"p":"54213.07000000","q":"0.00046000","f":3800594299,"l":3800594299,"T":1725806270366,"m":false,"M":true},{"a":3143919790,"p":"54213.51000000","q":"0.01000000","f":3800594300,"l":3800594300,"T":1725806270366,"m":false,"M":true},{"a":3143919791,"p":"54214.00000000","q":"0.02000000","f":3800594301,"l":3800594302,"T":1725806270366,"m":false,"M":true},{"a":3143919792,"p":"54214.07000000","q":"0.16049000","f":3800594303,"l":3800594303,"T":1725806270366,"m":false,"M":true},{"a":3143919793,"p":"54215.00000000","q":"0.02770000","f":3800594304,"l":3800594307,"T":1725806270366,"m":false,"M":true},{"a":3143919794,"p":"54215.64000000","q":"0.00040000","f":3800594308,"l":3800594308,"T":1725806270374,"m":false,"M":true},{"a":3143919795,"p":"54215.99000000","q":"0.00034000","f":3800594309,"l":3800594311,"T":1725806270384,"m":false,"M":true},{"a":3143919796,"p":"54215.99000000","q":"0.00034000","f":3800594312,"l":3800594315,"T":1725806270384,"m":false,"M":true},{"a":3143919797,"p":"54215.99000000","q":"0.00034000","f":3800594316,"l":3800594318,"T":1725806270384,"m":false,"M":true},{"a":3143919798,"p":"54215.99000000","q":"0.00028000","f":3800594319,"l":3800594321,"T":1725806270384,"m":false,"M":true},{"a":3143919799,"p":"54216.00000000","q":"0.00006000","f":3800594322,"l":3800594322,"T":1725806270384,"m":false,"M":true},{"a":3143919800,"p":"54216.00000000","q":"0.02014000","f":3800594323,"l":3800594326,"T":1725806270409,"m":false,"M":true},{"a":3143919801,"p":"54216.26000000","q":"0.00040000","f":3800594327,"l":3800594329,"T":1725806270409,"m":false,"M":true},{"a":3143919802,"p":"54216.42000000","q":"0.00120000","f":3800594330,"l":3800594341,"T":1725806270409,"m":false,"M":true},{"a":3143919803,"p":"54216.43000000","q":"0.01886000","f":3800594342,"l":3800594346,"T":1725806270409,"m":false,"M":true},{"a":3143919804,"p":"54216.59000000","q":"0.00020000","f":3800594347,"l":3800594348,"T":1725806270409,"m":false,"M":true},{"a":3143919805,"p":"54216.99000000","q":"0.00034000","f":3800594349,"l":3800594349,"T":1725806270423,"m":false,"M":true},{"a":3143919806,"p":"54216.99000000","q":"0.00034000","f":3800594350,"l":3800594350,"T":1725806270423,"m":false,"M":true},{"a":3143919807,"p":"54216.99000000","q":"0.00034000","f":3800594351,"l":3800594351,"T":1725806270423,"m":false,"M":true},{"a":3143919808,"p":"54216.99000000","q":"0.00034000","f":3800594352,"l":3800594352,"T":1725806270423,"m":false,"M":true},{"a":3143919809,"p":"54216.99000000","q":"0.00034000","f":3800594353,"l":3800594353,"T":1725806270423,"m":false,"M":true},{"a":3143919810,"p":"54216.99000000","q":"0.00034000","f":3800594354,"l":3800594354,"T":1725806270423,"m":false,"M":true},{"a":3143919811,"p":"54216.99000000","q":"0.00034000","f":3800594355,"l":3800594355,"T":1725806270423,"m":false,"M":true},{"a":3143919812,"p":"54216.99000000","q":"0.00034000","f":3800594356,"l":3800594356,"T":1725806270423,"m":false,"M":true},{"a":3143919813,"p":"54216.99000000","q":"0.00034000","f":3800594357,"l":3800594357,"T":1725806270423,"m":false,"M":true},{"a":3143919814,"p":"54216.99000000","q":"0.00034000","f":3800594358,"l":3800594358,"T":1725806270423,"m":false,"M":true},{"a":3143919815,"p":"54216.99000000","q":"0.00034000","f":3800594359,"l":3800594359,"T":1725806270423,"m":false,"M":true},{"a":3143919816,"p":"54216.99000000","q":"0.00034000","f":3800594360,"l":3800594360,"T":1725806270423,"m":false,"M":true},{"a":3143919817,"p":"54216.99000000","q":"0.00034000","f":3800594361,"l":3800594361,"T":1725806270423,"m":false,"M":true},{"a":3143919818,"p":"54216.99000000","q":"0.00034000","f":3800594362,"l":3800594362,"T":1725806270424,"m":false,"M":true},{"a":3143919819,"p":"54216.99000000","q":"0.00034000","f":3800594363,"l":3800594363,"T":1725806270424,"m":false,"M":true},{"a":3143919820,"p":"54216.99000000","q":"0.00034000","f":3800594364,"l":3800594364,"T":1725806270424,"m":false,"M":true},{"a":3143919821,"p":"54216.99000000","q":"0.00034000","f":3800594365,"l":3800594365,"T":1725806270424,"m":false,"M":true},{"a":3143919822,"p":"54216.99000000","q":"0.00034000","f":3800594366,"l":3800594366,"T":1725806270424,"m":false,"M":true},{"a":3143919823,"p":"54216.99000000","q":"0.00034000","f":3800594367,"l":3800594367,"T":1725806270424,"m":false,"M":true},{"a":3143919824,"p":"54216.99000000","q":"0.00034000","f":3800594368,"l":3800594368,"T":1725806270424,"m":false,"M":true},{"a":3143919825,"p":"54216.99000000","q":"0.00034000","f":3800594369,"l":3800594369,"T":1725806270424,"m":false,"M":true},{"a":3143919826,"p":"54216.99000000","q":"0.00034000","f":3800594370,"l":3800594370,"T":1725806270424,"m":false,"M":true},{"a":3143919827,"p":"54216.99000000","q":"0.00034000","f":3800594371,"l":3800594371,"T":1725806270424,"m":false,"M":true},{"a":3143919828,"p":"54216.99000000","q":"0.13138000","f":3800594372,"l":3800594393,"T":1725806270429,"m":false,"M":true},{"a":3143919829,"p":"54217.00000000","q":"0.02790000","f":3800594394,"l":3800594399,"T":1725806270429,"m":false,"M":true},{"a":3143919830,"p":"54217.91000000","q":"0.00020000","f":3800594400,"l":3800594401,"T":1725806270440,"m":false,"M":true},{"a":3143919831,"p":"54217.96000000","q":"0.00034000","f":3800594402,"l":3800594402,"T":1725806270440,"m":false,"M":true},{"a":3143919832,"p":"54217.96000000","q":"0.00034000","f":3800594403,"l":3800594403,"T":1725806270440,"m":false,"M":true},{"a":3143919833,"p":"54217.96000000","q":"0.00034000","f":3800594404,"l":3800594404,"T":1725806270440,"m":false,"M":true},{"a":3143919834,"p":"54217.96000000","q":"0.00034000","f":3800594405,"l":3800594405,"T":1725806270440,"m":false,"M":true},{"a":3143919835,"p":"54217.96000000","q":"0.00034000","f":3800594406,"l":3800594406,"T":1725806270440,"m":false,"M":true},{"a":3143919836,"p":"54217.96000000","q":"0.00034000","f":3800594407,"l":3800594408,"T":1725806270440,"m":false,"M":true},{"a":3143919837,"p":"54217.96000000","q":"0.00034000","f":3800594409,"l":3800594409,"T":1725806270440,"m":false,"M":true},{"a":3143919838,"p":"54217.96000000","q":"0.00034000","f":3800594410,"l":3800594410,"T":1725806270440,"m":false,"M":true},{"a":3143919839,"p":"54217.96000000","q":"0.00034000","f":3800594411,"l":3800594411,"T":1725806270440,"m":false,"M":true},{"a":3143919840,"p":"54217.96000000","q":"0.00034000","f":3800594412,"l":3800594412,"T":1725806270440,"m":false,"M":true},{"a":3143919841,"p":"54217.96000000","q":"0.00034000","f":3800594413,"l":3800594413,"T":1725806270440,"m":false,"M":true},{"a":3143919842,"p":"54217.96000000","q":"0.00034000","f":3800594414,"l":3800594416,"T":1725806270440,"m":false,"M":true},{"a":3143919843,"p":"54217.96000000","q":"0.00008000","f":3800594417,"l":3800594417,"T":1725806270440,"m":false,"M":true},{"a":3143919844,"p":"54218.00000000","q":"0.00026000","f":3800594418,"l":3800594418,"T":1725806270440,"m":false,"M":true},{"a":3143919845,"p":"54218.00000000","q":"0.00034000","f":3800594419,"l":3800594419,"T":1725806271171,"m":false,"M":true},{"a":3143919846,"p":"54218.00000000","q":"0.00672000","f":3800594420,"l":3800594420,"T":1725806271481,"m":false,"M":true},{"a":3143919847,"p":"54218.00000000","q":"0.00016000","f":3800594421,"l":3800594421,"T":1725806271790,"m":false,"M":true},{"a":3143919848,"p":"54218.00000000","q":"0.00106000","f":3800594422,"l":3800594422,"T":1725806271807,"m":false,"M":true},{"a":3143919849,"p":"54217.99000000","q":"0.00258000","f":3800594423,"l":3800594423,"T":1725806271943,"m":true,"M":true},{"a":3143919850,"p":"54217.99000000","q":"0.00040000","f":3800594424,"l":3800594424,"T":1725806272460,"m":true,"M":true},{"a":3143919851,"p":"54218.00000000","q":"0.00672000","f":3800594425,"l":3800594426,"T":1725806272481,"m":false,"M":true},{"a":3143919852,"p":"54218.00000000","q":"0.10863000","f":3800594427,"l":3800594429,"T":1725806274510,"m":false,"M":true},{"a":3143919853,"p":"54218.00000000","q":"0.00037000","f":3800594430,"l":3800594430,"T":1725806275620,"m":false,"M":true},{"a":3143919854,"p":"54218.00000000","q":"0.00056000","f":3800594431,"l":3800594431,"T":1725806275624,"m":false,"M":true},{"a":3143919855,"p":"54218.00000000","q":"0.00053000","f":3800594432,"l":3800594432,"T":1725806277620,"m":false,"M":true},{"a":3143919856,"p":"54218.00000000","q":"0.00148000","f":3800594433,"l":3800594433,"T":1725806278236,"m":false,"M":true},{"a":3143919857,"p":"54218.00000000","q":"0.00018000","f":3800594434,"l":3800594434,"T":1725806278575,"m":false,"M":true},{"a":3143919858,"p":"54217.99000000","q":"0.01520000","f":3800594435,"l":3800594435,"T":1725806279302,"m":true,"M":true},{"a":3143919859,"p":"54217.99000000","q":"0.00037000","f":3800594436,"l":3800594436,"T":1725806279636,"m":true,"M":true},{"a":3143919860,"p":"54217.99000000","q":"0.00019000","f":3800594437,"l":3800594437,"T":1725806279658,"m":true,"M":true},{"a":3143919861,"p":"54218.00000000","q":"0.00244000","f":3800594438,"l":3800594438,"T":1725806280322,"m":false,"M":true},{"a":3143919862,"p":"54217.99000000","q":"0.00355000","f":3800594439,"l":3800594439,"T":1725806280739,"m":true,"M":true},{"a":3143919863,"p":"54218.00000000","q":"0.00030000","f":3800594440,"l":3800594440,"T":1725806280810,"m":false,"M":true},{"a":3143919864,"p":"54217.99000000","q":"0.01520000","f":3800594441,"l":3800594441,"T":1725806281302,"m":true,"M":true},{"a":3143919865,"p":"54218.00000000","q":"0.00011000","f":3800594442,"l":3800594442,"T":1725806281508,"m":false,"M":true},{"a":3143919866,"p":"54217.99000000","q":"0.01520000","f":3800594443,"l":3800594443,"T":1725806282302,"m":true,"M":true},{"a":3143919867,"p":"54217.99000000","q":"0.00739000","f":3800594444,"l":3800594444,"T":1725806283490,"m":true,"M":true},{"a":3143919868,"p":"54218.00000000","q":"0.00014000","f":3800594445,"l":3800594445,"T":1725806283591,"m":false,"M":true},{"a":3143919869,"p":"54217.99000000","q":"0.00013000","f":3800594446,"l":3800594446,"T":1725806283646,"m":true,"M":true},{"a":3143919870,"p":"54218.00000000","q":"0.00762000","f":3800594447,"l":3800594447,"T":1725806283714,"m":false,"M":true},{"a":3143919871,"p":"54217.99000000","q":"0.09294000","f":3800594448,"l":3800594466,"T":1725806284378,"m":true,"M":true},{"a":3143919872,"p":"54217.98000000","q":"0.00020000","f":3800594467,"l":3800594468,"T":1725806284378,"m":true,"M":true},{"a":3143919873,"p":"54217.96000000","q":"0.00020000","f":3800594469,"l":3800594470,"T":1725806284378,"m":true,"M":true},{"a":3143919874,"p":"54217.95000000","q":"0.00020000","f":3800594471,"l":3800594472,"T":1725806284378,"m":true,"M":true},{"a":3143919875,"p":"54217.94000000","q":"0.00020000","f":3800594473,"l":3800594474,"T":1725806284378,"m":true,"M":true},{"a":3143919876,"p":"54217.91000000","q":"0.00100000","f":3800594475,"l":3800594484,"T":1725806284378,"m":true,"M":true},{"a":3143919877,"p":"54217.00000000","q":"0.00034000","f":3800594485,"l":3800594485,"T":1725806284381,"m":true,"M":true},{"a":3143919878,"p":"54217.00000000","q":"0.03044000","f":3800594486,"l":3800594491,"T":1725806284386,"m":true,"M":true},{"a":3143919879,"p":"54216.01000000","q":"0.00040000","f":3800594492,"l":3800594495,"T":1725806284391,"m":true,"M":true},{"a":3143919880,"p":"54216.01000000","q":"0.00080000","f":3800594496,"l":3800594503,"T":1725806284395,"m":true,"M":true},{"a":3143919881,"p":"54216.00000000","q":"0.03217000","f":3800594504,"l":3800594509,"T":1725806284395,"m":true,"M":true},{"a":3143919882,"p":"54215.79000000","q":"0.00020000","f":3800594510,"l":3800594511,"T":1725806284395,"m":true,"M":true},{"a":3143919883,"p":"54215.70000000","q":"0.00020000","f":3800594512,"l":3800594513,"T":1725806284395,"m":true,"M":true},{"a":3143919884,"p":"54215.00000000","q":"0.02009000","f":3800594514,"l":3800594516,"T":1725806284483,"m":true,"M":true},{"a":3143919885,"p":"54215.00000000","q":"0.00011000","f":3800594517,"l":3800594518,"T":1725806284485,"m":true,"M":true},{"a":3143919886,"p":"54214.76000000","q":"0.00029000","f":3800594519,"l":3800594521,"T":1725806284485,"m":true,"M":true},{"a":3143919887,"p":"54214.76000000","q":"0.00010000","f":3800594522,"l":3800594522,"T":1725806284485,"m":true,"M":true},{"a":3143919888,"p":"54214.75000000","q":"0.00024000","f":3800594523,"l":3800594523,"T":1725806284485,"m":true,"M":true},{"a":3143919889,"p":"54214.75000000","q":"0.03686000","f":3800594524,"l":3800594526,"T":1725806284485,"m":true,"M":true},{"a":3143919890,"p":"54214.74000000","q":"0.00020000","f":3800594527,"l":3800594528,"T":1725806284485,"m":true,"M":true},{"a":3143919891,"p":"54214.73000000","q":"0.00020000","f":3800594529,"l":3800594530,"T":1725806284485,"m":true,"M":true},{"a":3143919892,"p":"54214.54000000","q":"0.00020000","f":3800594531,"l":3800594532,"T":1725806284490,"m":true,"M":true},{"a":3143919893,"p":"54214.07000000","q":"0.00014000","f":3800594533,"l":3800594534,"T":1725806284490,"m":true,"M":true},{"a":3143919894,"p":"54214.07000000","q":"0.00006000","f":3800594535,"l":3800594535,"T":1725806284490,"m":true,"M":true},{"a":3143919895,"p":"54214.06000000","q":"0.00028000","f":3800594536,"l":3800594536,"T":1725806284490,"m":true,"M":true},{"a":3143919896,"p":"54214.07000000","q":"0.00023000","f":3800594537,"l":3800594537,"T":1725806284854,"m":false,"M":true},{"a":3143919897,"p":"54214.06000000","q":"0.00126000","f":3800594538,"l":3800594538,"T":1725806285761,"m":true,"M":true},{"a":3143919898,"p":"54214.07000000","q":"0.00387000","f":3800594539,"l":3800594539,"T":1725806285858,"m":false,"M":true},{"a":3143919899,"p":"54214.06000000","q":"0.00023000","f":3800594540,"l":3800594540,"T":1725806286690,"m":true,"M":true},{"a":3143919900,"p":"54214.07000000","q":"0.03192000","f":3800594541,"l":3800594545,"T":1725806288645,"m":false,"M":true},{"a":3143919901,"p":"54214.07000000","q":"0.01149000","f":3800594546,"l":3800594546,"T":1725806288945,"m":false,"M":true},{"a":3143919902,"p":"54214.07000000","q":"0.00072000","f":3800594547,"l":3800594547,"T":1725806289115,"m":false,"M":true},{"a":3143919903,"p":"54214.07000000","q":"0.00442000","f":3800594548,"l":3800594548,"T":1725806289873,"m":false,"M":true},{"a":3143919904,"p":"54214.07000000","q":"0.00068000","f":3800594549,"l":3800594549,"T":1725806290102,"m":false,"M":true},{"a":3143919905,"p":"54214.07000000","q":"0.00031000","f":3800594550,"l":3800594550,"T":1725806291510,"m":false,"M":true},{"a":3143919906,"p":"54214.06000000","q":"0.00117000","f":3800594551,"l":3800594551,"T":1725806291602,"m":true,"M":true},{"a":3143919907,"p":"54214.06000000","q":"0.00488000","f":3800594552,"l":3800594552,"T":1725806291713,"m":true,"M":true},{"a":3143919908,"p":"54214.07000000","q":"0.02397000","f":3800594553,"l":3800594554,"T":1725806292051,"m":false,"M":true},{"a":3143919909,"p":"54214.07000000","q":"0.00018000","f":3800594555,"l":3800594555,"T":1725806292217,"m":false,"M":true},{"a":3143919910,"p":"54214.06000000","q":"0.00174000","f":3800594556,"l":3800594556,"T":1725806292284,"m":true,"M":true},{"a":3143919911,"p":"54214.07000000","q":"0.00016000","f":3800594557,"l":3800594557,"T":1725806292683,"m":false,"M":true},{"a":3143919912,"p":"54214.06000000","q":"0.00279000","f":3800594558,"l":3800594558,"T":1725806293094,"m":true,"M":true},{"a":3143919913,"p":"54214.07000000","q":"0.00027000","f":3800594559,"l":3800594559,"T":1725806293294,"m":false,"M":true},{"a":3143919914,"p":"54214.06000000","q":"5.64860000","f":3800594560,"l":3800594596,"T":1725806295662,"m":true,"M":true},{"a":3143919915,"p":"54214.03000000","q":"0.00020000","f":3800594597,"l":3800594598,"T":1725806295662,"m":true,"M":true},{"a":3143919916,"p":"54214.02000000","q":"0.00020000","f":3800594599,"l":3800594600,"T":1725806295662,"m":true,"M":true},{"a":3143919917,"p":"54214.01000000","q":"0.00020000","f":3800594601,"l":3800594602,"T":1725806295662,"m":true,"M":true},{"a":3143919918,"p":"54214.00000000","q":"0.10810000","f":3800594603,"l":3800594608,"T":1725806295662,"m":true,"M":true},{"a":3143919919,"p":"54213.98000000","q":"0.12138000","f":3800594609,"l":3800594609,"T":1725806295662,"m":true,"M":true},{"a":3143919920,"p":"54213.26000000","q":"0.29514000","f":3800594610,"l":3800594610,"T":1725806295662,"m":true,"M":true},{"a":3143919921,"p":"54213.12000000","q":"0.00020000","f":3800594611,"l":3800594611,"T":1725806295662,"m":true,"M":true},{"a":3143919922,"p":"54213.00000000","q":"0.02000000","f":3800594612,"l":3800594613,"T":1725806295662,"m":true,"M":true},{"a":3143919923,"p":"54212.90000000","q":"0.05238000","f":3800594614,"l":3800594614,"T":1725806295662,"m":true,"M":true},{"a":3143919924,"p":"54212.88000000","q":"0.04000000","f":3800594615,"l":3800594615,"T":1725806295662,"m":true,"M":true},{"a":3143919925,"p":"54212.60000000","q":"0.05564000","f":3800594616,"l":3800594616,"T":1725806295662,"m":true,"M":true},{"a":3143919926,"p":"54212.48000000","q":"0.25913000","f":3800594617,"l":3800594617,"T":1725806295662,"m":true,"M":true},{"a":3143919927,"p":"54212.45000000","q":"0.06953000","f":3800594618,"l":3800594618,"T":1725806295662,"m":true,"M":true},{"a":3143919928,"p":"54212.08000000","q":"0.07710000","f":3800594619,"l":3800594619,"T":1725806295662,"m":true,"M":true},{"a":3143919929,"p":"54212.06000000","q":"0.00184000","f":3800594620,"l":3800594620,"T":1725806295662,"m":true,"M":true},{"a":3143919930,"p":"54212.01000000","q":"0.25036000","f":3800594621,"l":3800594622,"T":1725806295662,"m":true,"M":true},{"a":3143919931,"p":"54214.06000000","q":"0.00035000","f":3800594623,"l":3800594624,"T":1725806295682,"m":true,"M":true},{"a":3143919932,"p":"54214.06000000","q":"0.00097000","f":3800594625,"l":3800594630,"T":1725806298492,"m":true,"M":true},{"a":3143919933,"p":"54214.06000000","q":"0.00023000","f":3800594631,"l":3800594631,"T":1725806298568,"m":true,"M":true},{"a":3143919934,"p":"54214.06000000","q":"0.00023000","f":3800594632,"l":3800594632,"T":1725806298568,"m":true,"M":true},{"a":3143919935,"p":"54214.06000000","q":"0.00023000","f":3800594633,"l":3800594633,"T":1725806298568,"m":true,"M":true},{"a":3143919936,"p":"54214.06000000","q":"0.00023000","f":3800594634,"l":3800594634,"T":1725806298568,"m":true,"M":true},{"a":3143919937,"p":"54214.06000000","q":"0.00023000","f":3800594635,"l":3800594635,"T":1725806298568,"m":true,"M":true},{"a":3143919938,"p":"54214.06000000","q":"0.00023000","f":3800594636,"l":3800594636,"T":1725806298569,"m":true,"M":true},{"a":3143919939,"p":"54214.06000000","q":"0.00023000","f":3800594637,"l":3800594637,"T":1725806298569,"m":true,"M":true},{"a":3143919940,"p":"54214.06000000","q":"0.00023000","f":3800594638,"l":3800594638,"T":1725806298570,"m":true,"M":true},{"a":3143919941,"p":"54214.06000000","q":"0.00023000","f":3800594639,"l":3800594639,"T":1725806298570,"m":true,"M":true},{"a":3143919942,"p":"54214.06000000","q":"0.00023000","f":3800594640,"l":3800594640,"T":1725806298577,"m":true,"M":true},{"a":3143919943,"p":"54214.06000000","q":"0.00166000","f":3800594641,"l":3800594641,"T":1725806298702,"m":true,"M":true},{"a":3143919944,"p":"54214.06000000","q":"0.00023000","f":3800594642,"l":3800594642,"T":1725806298751,"m":true,"M":true},{"a":3143919945,"p":"54214.06000000","q":"0.00023000","f":3800594643,"l":3800594643,"T":1725806298751,"m":true,"M":true},{"a":3143919946,"p":"54214.06000000","q":"0.00023000","f":3800594644,"l":3800594644,"T":1725806298754,"m":true,"M":true},{"a":3143919947,"p":"54214.06000000","q":"0.00023000","f":3800594645,"l":3800594645,"T":1725806298755,"m":true,"M":true},{"a":3143919948,"p":"54214.06000000","q":"0.00023000","f":3800594646,"l":3800594646,"T":1725806298780,"m":true,"M":true},{"a":3143919949,"p":"54214.06000000","q":"0.15408000","f":3800594647,"l":3800594655,"T":1725806298798,"m":true,"M":true},{"a":3143919950,"p":"54214.03000000","q":"0.00120000","f":3800594656,"l":3800594667,"T":1725806298798,"m":true,"M":true},{"a":3143919951,"p":"54214.02000000","q":"0.00012000","f":3800594668,"l":3800594669,"T":1725806298798,"m":true,"M":true},{"a":3143919952,"p":"54214.02000000","q":"0.00104000","f":3800594670,"l":3800594672,"T":1725806298799,"m":true,"M":true},{"a":3143919953,"p":"54214.01000000","q":"0.00020000","f":3800594673,"l":3800594674,"T":1725806298799,"m":true,"M":true},{"a":3143919954,"p":"54214.00000000","q":"0.00020000","f":3800594675,"l":3800594676,"T":1725806298799,"m":true,"M":true},{"a":3143919955,"p":"54212.02000000","q":"0.00034000","f":3800594677,"l":3800594680,"T":1725806298799,"m":true,"M":true},{"a":3143919956,"p":"54212.02000000","q":"0.00034000","f":3800594681,"l":3800594685,"T":1725806298805,"m":true,"M":true},{"a":3143919957,"p":"54212.02000000","q":"0.00008000","f":3800594686,"l":3800594686,"T":1725806298805,"m":true,"M":true},{"a":3143919958,"p":"54212.00000000","q":"0.00026000","f":3800594687,"l":3800594687,"T":1725806298805,"m":true,"M":true},{"a":3143919959,"p":"54212.00000000","q":"0.02810000","f":3800594688,"l":3800594695,"T":1725806298840,"m":true,"M":true},{"a":3143919960,"p":"54211.37000000","q":"0.00120000","f":3800594696,"l":3800594707,"T":1725806298841,"m":true,"M":true},{"a":3143919961,"p":"54211.36000000","q":"0.03710000","f":3800594708,"l":3800594710,"T":1725806298841,"m":true,"M":true},{"a":3143919962,"p":"54211.01000000","q":"0.00120000","f":3800594711,"l":3800594722,"T":1725806298841,"m":true,"M":true},{"a":3143919963,"p":"54211.00000000","q":"0.02020000","f":3800594723,"l":3800594726,"T":1725806298841,"m":true,"M":true},{"a":3143919964,"p":"54210.01000000","q":"0.00040000","f":3800594727,"l":3800594730,"T":1725806298853,"m":true,"M":true},{"a":3143919965,"p":"54210.01000000","q":"0.00020000","f":3800594731,"l":3800594732,"T":1725806298860,"m":true,"M":true},{"a":3143919966,"p":"54210.00000000","q":"0.00014000","f":3800594733,"l":3800594733,"T":1725806298860,"m":true,"M":true},{"a":3143919967,"p":"54210.00000000","q":"0.00018000","f":3800594734,"l":3800594734,"T":1725806298860,"m":true,"M":true},{"a":3143919968,"p":"54210.00000000","q":"0.00016000","f":3800594735,"l":3800594735,"T":1725806299283,"m":true,"M":true},{"a":3143919969,"p":"54210.00000000","q":"0.00033000","f":3800594736,"l":3800594736,"T":1725806299967,"m":true,"M":true},{"a":3143919970,"p":"54210.00000000","q":"0.00013000","f":3800594737,"l":3800594737,"T":1725806300227,"m":true,"M":true},{"a":3143919971,"p":"54210.00000000","q":"0.00012000","f":3800594738,"l":3800594738,"T":1725806300463,"m":true,"M":true},{"a":3143919972,"p":"54210.00000000","q":"0.00019000","f":3800594739,"l":3800594739,"T":1725806301528,"m":true,"M":true},{"a":3143919973,"p":"54210.00000000","q":"0.00014000","f":3800594740,"l":3800594740,"T":1725806301986,"m":true,"M":true},{"a":3143919974,"p":"54210.00000000","q":"0.00063000","f":3800594741,"l":3800594741,"T":1725806305374,"m":true,"M":true},{"a":3143919975,"p":"54210.01000000","q":"0.00657000","f":3800594742,"l":3800594742,"T":1725806305393,"m":false,"M":true},{"a":3143919976,"p":"54210.01000000","q":"0.00184000","f":3800594743,"l":3800594743,"T":1725806305914,"m":false,"M":true},{"a":3143919977,"p":"54210.00000000","q":"0.00043000","f":3800594744,"l":3800594744,"T":1725806306408,"m":true,"M":true},{"a":3143919978,"p":"54210.00000000","q":"0.00365000","f":3800594745,"l":3800594745,"T":1725806307094,"m":true,"M":true},{"a":3143919979,"p":"54210.01000000","q":"0.00044000","f":3800594746,"l":3800594746,"T":1725806307682,"m":false,"M":true},{"a":3143919980,"p":"54210.00000000","q":"0.00501000","f":3800594747,"l":3800594747,"T":1725806307786,"m":true,"M":true},{"a":3143919981,"p":"54210.01000000","q":"0.00020000","f":3800594748,"l":3800594748,"T":1725806308593,"m":false,"M":true},{"a":3143919982,"p":"54210.01000000","q":"0.00012000","f":3800594749,"l":3800594749,"T":1725806308616,"m":false,"M":true},{"a":3143919983,"p":"54210.01000000","q":"0.00692000","f":3800594750,"l":3800594750,"T":1725806308786,"m":false,"M":true},{"a":3143919984,"p":"54210.00000000","q":"0.00607000","f":3800594751,"l":3800594752,"T":1725806310614,"m":true,"M":true},{"a":3143919985,"p":"54210.01000000","q":"0.00144000","f":3800594753,"l":3800594753,"T":1725806310783,"m":false,"M":true},{"a":3143919986,"p":"54210.00000000","q":"0.00414000","f":3800594754,"l":3800594755,"T":1725806312715,"m":true,"M":true},{"a":3143919987,"p":"54210.01000000","q":"0.00019000","f":3800594756,"l":3800594756,"T":1725806314475,"m":false,"M":true},{"a":3143919988,"p":"54210.01000000","q":"0.00198000","f":3800594757,"l":3800594757,"T":1725806314986,"m":false,"M":true},{"a":3143919989,"p":"54210.01000000","q":"0.00037000","f":3800594758,"l":3800594758,"T":1725806315020,"m":false,"M":true},{"a":3143919990,"p":"54210.01000000","q":"0.00056000","f":3800594759,"l":3800594759,"T":1725806315023,"m":false,"M":true},{"a":3143919991,"p":"54210.01000000","q":"0.00231000","f":3800594760,"l":3800594760,"T":1725806315027,"m":false,"M":true},{"a":3143919992,"p":"54210.00000000","q":"0.05570000","f":3800594761,"l":3800594765,"T":1725806315340,"m":true,"M":true},{"a":3143919993,"p":"54210.00000000","q":"0.00100000","f":3800594766,"l":3800594766,"T":1725806315481,"m":true,"M":true},{"a":3143919994,"p":"54210.00000000","q":"0.02590000","f":3800594767,"l":3800594767,"T":1725806315793,"m":true,"M":true},{"a":3143919995,"p":"54210.01000000","q":"0.00010000","f":3800594768,"l":3800594768,"T":1725806316972,"m":false,"M":true},{"a":3143919996,"p":"54210.00000000","q":"0.02591000","f":3800594769,"l":3800594770,"T":1725806317793,"m":true,"M":true},{"a":3143919997,"p":"54210.01000000","q":"0.00072000","f":3800594771,"l":3800594771,"T":1725806318006,"m":false,"M":true},{"a":3143919998,"p":"54210.00000000","q":"0.01200000","f":3800594772,"l":3800594772,"T":1725806318276,"m":true,"M":true},{"a":3143919999,"p":"54210.01000000","q":"0.00074000","f":3800594773,"l":3800594773,"T":1725806318685,"m":false,"M":true},{"a":3143920000,"p":"54210.00000000","q":"0.02591000","f":3800594774,"l":3800594774,"T":1725806318793,"m":true,"M":true},{"a":3143920001,"p":"54210.00000000","q":"0.00032000","f":3800594775,"l":3800594775,"T":1725806320038,"m":true,"M":true},{"a":3143920002,"p":"54210.01000000","q":"0.00145000","f":3800594776,"l":3800594776,"T":1725806322494,"m":false,"M":true},{"a":3143920003,"p":"54210.00000000","q":"1.10479000","f":3800594777,"l":3800594798,"T":1725806325953,"m":true,"M":true},{"a":3143920004,"p":"54209.99000000","q":"0.00079000","f":3800594799,"l":3800594801,"T":1725806325955,"m":true,"M":true},{"a":3143920005,"p":"54209.98000000","q":"0.00020000","f":3800594802,"l":3800594803,"T":1725806325955,"m":true,"M":true},{"a":3143920006,"p":"54209.97000000","q":"0.00099000","f":3800594804,"l":3800594813,"T":1725806325955,"m":true,"M":true},{"a":3143920007,"p":"54209.96000000","q":"0.00034000","f":3800594814,"l":3800594814,"T":1725806326280,"m":true,"M":true},{"a":3143920008,"p":"54209.96000000","q":"0.00034000","f":3800594815,"l":3800594815,"T":1725806326280,"m":true,"M":true},{"a":3143920009,"p":"54209.96000000","q":"0.00034000","f":3800594816,"l":3800594816,"T":1725806326280,"m":true,"M":true},{"a":3143920010,"p":"54209.96000000","q":"0.00034000","f":3800594817,"l":3800594817,"T":1725806326280,"m":true,"M":true},{"a":3143920011,"p":"54209.96000000","q":"0.00034000","f":3800594818,"l":3800594818,"T":1725806326280,"m":true,"M":true},{"a":3143920012,"p":"54209.96000000","q":"0.00034000","f":3800594819,"l":3800594820,"T":1725806326280,"m":true,"M":true},{"a":3143920013,"p":"54209.96000000","q":"0.00018000","f":3800594821,"l":3800594822,"T":1725806326280,"m":true,"M":true},{"a":3143920014,"p":"54209.49000000","q":"0.00016000","f":3800594823,"l":3800594824,"T":1725806326280,"m":true,"M":true},{"a":3143920015,"p":"54209.49000000","q":"0.00004000","f":3800594825,"l":3800594825,"T":1725806326280,"m":true,"M":true},{"a":3143920016,"p":"54209.48000000","q":"0.00020000","f":3800594826,"l":3800594827,"T":1725806326280,"m":true,"M":true},{"a":3143920017,"p":"54209.01000000","q":"0.00010000","f":3800594828,"l":3800594828,"T":1725806326280,"m":true,"M":true},{"a":3143920018,"p":"54209.01000000","q":"0.00010000","f":3800594829,"l":3800594829,"T":1725806326280,"m":true,"M":true},{"a":3143920019,"p":"54209.00000000","q":"0.00024000","f":3800594830,"l":3800594830,"T":1725806326280,"m":true,"M":true},{"a":3143920020,"p":"54209.00000000","q":"0.00230000","f":3800594831,"l":3800594831,"T":1725806326411,"m":true,"M":true},{"a":3143920021,"p":"54209.00000000","q":"0.00015000","f":3800594832,"l":3800594832,"T":1725806326994,"m":true,"M":true},{"a":3143920022,"p":"54209.00000000","q":"0.00023000","f":3800594833,"l":3800594833,"T":1725806328202,"m":true,"M":true},{"a":3143920023,"p":"54209.00000000","q":"0.00057000","f":3800594834,"l":3800594834,"T":1725806329339,"m":true,"M":true},{"a":3143920024,"p":"54209.00000000","q":"0.00012000","f":3800594835,"l":3800594835,"T":1725806330282,"m":true,"M":true},{"a":3143920025,"p":"54209.01000000","q":"0.00144000","f":3800594836,"l":3800594836,"T":1725806330493,"m":false,"M":true},{"a":3143920026,"p":"54209.01000000","q":"0.00013000","f":3800594837,"l":3800594837,"T":1725806330559,"m":false,"M":true},{"a":3143920027,"p":"54209.00000000","q":"0.03910000","f":3800594838,"l":3800594848,"T":1725806330842,"m":true,"M":true},{"a":3143920028,"p":"54209.00000000","q":"0.00526000","f":3800594849,"l":3800594854,"T":1725806331222,"m":true,"M":true},{"a":3143920029,"p":"54208.96000000","q":"0.00056000","f":3800594855,"l":3800594857,"T":1725806331222,"m":true,"M":true},{"a":3143920030,"p":"54208.64000000","q":"0.00020000","f":3800594858,"l":3800594859,"T":1725806331222,"m":true,"M":true},{"a":3143920031,"p":"54208.63000000","q":"0.00020000","f":3800594860,"l":3800594861,"T":1725806331222,"m":true,"M":true},{"a":3143920032,"p":"54208.01000000","q":"0.00040000","f":3800594862,"l":3800594865,"T":1725806331226,"m":true,"M":true},{"a":3143920033,"p":"54208.01000000","q":"0.00034000","f":3800594866,"l":3800594869,"T":1725806331231,"m":true,"M":true},{"a":3143920034,"p":"54208.01000000","q":"0.00022000","f":3800594870,"l":3800594872,"T":1725806331231,"m":true,"M":true},{"a":3143920035,"p":"54208.00000000","q":"0.00012000","f":3800594873,"l":3800594873,"T":1725806331231,"m":true,"M":true},{"a":3143920036,"p":"54208.00000000","q":"0.00062000","f":3800594874,"l":3800594874,"T":1725806332563,"m":true,"M":true},{"a":3143920037,"p":"54208.01000000","q":"0.00265000","f":3800594875,"l":3800594875,"T":1725806332689,"m":false,"M":true},{"a":3143920038,"p":"54208.00000000","q":"0.00621000","f":3800594876,"l":3800594877,"T":1725806333927,"m":true,"M":true},{"a":3143920039,"p":"54208.00000000","q":"0.00356000","f":3800594878,"l":3800594878,"T":1725806333929,"m":true,"M":true},{"a":3143920040,"p":"54208.00000000","q":"0.01241000","f":3800594879,"l":3800594884,"T":1725806334038,"m":true,"M":true},{"a":3143920041,"p":"54207.96000000","q":"0.00020000","f":3800594885,"l":3800594886,"T":1725806334038,"m":true,"M":true},{"a":3143920042,"p":"54207.65000000","q":"0.00020000","f":3800594887,"l":3800594888,"T":1725806334040,"m":true,"M":true},{"a":3143920043,"p":"54207.29000000","q":"0.00020000","f":3800594889,"l":3800594890,"T":1725806334051,"m":true,"M":true},{"a":3143920044,"p":"54207.28000000","q":"0.00014000","f":3800594891,"l":3800594892,"T":1725806334051,"m":true,"M":true},{"a":3143920045,"p":"54207.28000000","q":"0.00006000","f":3800594893,"l":3800594893,"T":1725806334051,"m":true,"M":true},{"a":3143920046,"p":"54207.01000000","q":"0.00020000","f":3800594894,"l":3800594895,"T":1725806334051,"m":true,"M":true},{"a":3143920047,"p":"54207.00000000","q":"0.00008000","f":3800594896,"l":3800594896,"T":1725806334051,"m":true,"M":true},{"a":3143920048,"p":"54207.01000000","q":"0.01824000","f":3800594897,"l":3800594897,"T":1725806334953,"m":false,"M":true},{"a":3143920049,"p":"54207.00000000","q":"0.01550000","f":3800594898,"l":3800594899,"T":1725806336736,"m":true,"M":true},{"a":3143920050,"p":"54207.01000000","q":"0.00081000","f":3800594900,"l":3800594900,"T":1725806337166,"m":false,"M":true},{"a":3143920051,"p":"54207.01000000","q":"0.00297000","f":3800594901,"l":3800594901,"T":1725806338274,"m":false,"M":true},{"a":3143920052,"p":"54207.00000000","q":"0.06974000","f":3800594902,"l":3800594911,"T":1725806338799,"m":true,"M":true},{"a":3143920053,"p":"54206.99000000","q":"0.00120000","f":3800594912,"l":3800594923,"T":1725806338799,"m":true,"M":true},{"a":3143920054,"p":"54206.98000000","q":"0.00684000","f":3800594924,"l":3800594926,"T":1725806338799,"m":true,"M":true},{"a":3143920055,"p":"54206.97000000","q":"0.00020000","f":3800594927,"l":3800594928,"T":1725806338799,"m":true,"M":true},{"a":3143920056,"p":"54206.96000000","q":"0.00020000","f":3800594929,"l":3800594930,"T":1725806338799,"m":true,"M":true},{"a":3143920057,"p":"54206.21000000","q":"0.00100000","f":3800594931,"l":3800594940,"T":1725806338799,"m":true,"M":true},{"a":3143920058,"p":"54206.20000000","q":"0.09193000","f":3800594941,"l":3800594941,"T":1725806338799,"m":true,"M":true},{"a":3143920059,"p":"54206.21000000","q":"0.00665000","f":3800594942,"l":3800594942,"T":1725806338883,"m":false,"M":true},{"a":3143920060,"p":"54206.20000000","q":"0.00419000","f":3800594943,"l":3800594943,"T":1725806338890,"m":true,"M":true},{"a":3143920061,"p":"54206.21000000","q":"0.00012000","f":3800594944,"l":3800594944,"T":1725806339182,"m":false,"M":true},{"a":3143920062,"p":"54206.20000000","q":"0.00195000","f":3800594945,"l":3800594945,"T":1725806339875,"m":true,"M":true},{"a":3143920063,"p":"54206.20000000","q":"0.00418000","f":3800594946,"l":3800594946,"T":1725806340891,"m":true,"M":true},{"a":3143920064,"p":"54206.21000000","q":"0.00037000","f":3800594947,"l":3800594947,"T":1725806341339,"m":false,"M":true},{"a":3143920065,"p":"54206.21000000","q":"0.00056000","f":3800594948,"l":3800594948,"T":1725806341343,"m":false,"M":true},{"a":3143920066,"p":"54206.20000000","q":"3.89521000","f":3800594949,"l":3800594966,"T":1725806341727,"m":true,"M":true},{"a":3143920067,"p":"54206.20000000","q":"0.00922000","f":3800594967,"l":3800594967,"T":1725806341740,"m":true,"M":true},{"a":3143920068,"p":"54206.20000000","q":"0.00424000","f":3800594968,"l":3800594968,"T":1725806341744,"m":true,"M":true},{"a":3143920069,"p":"54206.20000000","q":"0.00418000","f":3800594969,"l":3800594969,"T":1725806341890,"m":true,"M":true},{"a":3143920070,"p":"54206.21000000","q":"0.00056000","f":3800594970,"l":3800594970,"T":1725806342539,"m":false,"M":true},{"a":3143920071,"p":"54206.21000000","q":"0.00084000","f":3800594971,"l":3800594971,"T":1725806342543,"m":false,"M":true},{"a":3143920072,"p":"54206.20000000","q":"0.00072000","f":3800594972,"l":3800594972,"T":1725806342706,"m":true,"M":true},{"a":3143920073,"p":"54206.20000000","q":"0.00071000","f":3800594973,"l":3800594973,"T":1725806342776,"m":true,"M":true},{"a":3143920074,"p":"54206.21000000","q":"0.00635000","f":3800594974,"l":3800594975,"T":1725806344338,"m":false,"M":true},{"a":3143920075,"p":"54206.20000000","q":"0.00023000","f":3800594976,"l":3800594976,"T":1725806344563,"m":true,"M":true},{"a":3143920076,"p":"54206.20000000","q":"0.00572000","f":3800594977,"l":3800594977,"T":1725806344609,"m":true,"M":true},{"a":3143920077,"p":"54206.21000000","q":"0.00009000","f":3800594978,"l":3800594978,"T":1725806345111,"m":false,"M":true},{"a":3143920078,"p":"54206.20000000","q":"0.00077000","f":3800594979,"l":3800594979,"T":1725806345112,"m":true,"M":true},{"a":3143920079,"p":"54206.20000000","q":"0.00154000","f":3800594980,"l":3800594980,"T":1725806345538,"m":true,"M":true},{"a":3143920080,"p":"54206.21000000","q":"0.00165000","f":3800594981,"l":3800594981,"T":1725806345973,"m":false,"M":true},{"a":3143920081,"p":"54206.21000000","q":"0.00027000","f":3800594982,"l":3800594983,"T":1725806346503,"m":false,"M":true},{"a":3143920082,"p":"54206.20000000","q":"0.03181000","f":3800594984,"l":3800594984,"T":1725806346536,"m":true,"M":true},{"a":3143920083,"p":"54206.21000000","q":"0.00119000","f":3800594985,"l":3800594985,"T":1725806346786,"m":false,"M":true},{"a":3143920084,"p":"54206.20000000","q":"0.00023000","f":3800594986,"l":3800594986,"T":1725806347964,"m":true,"M":true},{"a":3143920085,"p":"54206.21000000","q":"0.00014000","f":3800594987,"l":3800594987,"T":1725806348293,"m":false,"M":true},{"a":3143920086,"p":"54206.20000000","q":"0.00038000","f":3800594988,"l":3800594988,"T":1725806349062,"m":true,"M":true},{"a":3143920087,"p":"54206.20000000","q":"0.00069000","f":3800594989,"l":3800594989,"T":1725806349085,"m":true,"M":true},{"a":3143920088,"p":"54206.21000000","q":"0.00019000","f":3800594990,"l":3800594990,"T":1725806350510,"m":false,"M":true},{"a":3143920089,"p":"54206.20000000","q":"0.05907000","f":3800594991,"l":3800594992,"T":1725806350546,"m":true,"M":true},{"a":3143920090,"p":"54206.20000000","q":"0.00200000","f":3800594993,"l":3800594993,"T":1725806350925,"m":true,"M":true},{"a":3143920091,"p":"54206.20000000","q":"0.03666000","f":3800594994,"l":3800594994,"T":1725806351307,"m":true,"M":true},{"a":3143920092,"p":"54206.20000000","q":"0.00162000","f":3800594995,"l":3800594995,"T":1725806351337,"m":true,"M":true},{"a":3143920093,"p":"54206.21000000","q":"0.00009000","f":3800594996,"l":3800594996,"T":1725806351508,"m":false,"M":true},{"a":3143920094,"p":"54206.20000000","q":"0.00105000","f":3800594997,"l":3800594997,"T":1725806352579,"m":true,"M":true},{"a":3143920095,"p":"54206.20000000","q":"0.00214000","f":3800594998,"l":3800594998,"T":1725806352709,"m":true,"M":true},{"a":3143920096,"p":"54206.20000000","q":"0.00214000","f":3800594999,"l":3800594999,"T":1725806352709,"m":true,"M":true},{"a":3143920097,"p":"54206.20000000","q":"0.00646000","f":3800595000,"l":3800595000,"T":1725806352712,"m":true,"M":true},{"a":3143920098,"p":"54206.20000000","q":"0.00252000","f":3800595001,"l":3800595001,"T":1725806353283,"m":true,"M":true},{"a":3143920099,"p":"54206.21000000","q":"0.00016000","f":3800595002,"l":3800595002,"T":1725806354003,"m":false,"M":true},{"a":3143920100,"p":"54206.21000000","q":"0.04925000","f":3800595003,"l":3800595005,"T":1725806354351,"m":false,"M":true},{"a":3143920101,"p":"54206.20000000","q":"0.00040000","f":3800595006,"l":3800595006,"T":1725806355675,"m":true,"M":true},{"a":3143920102,"p":"54206.20000000","q":"0.01097000","f":3800595007,"l":3800595007,"T":1725806357739,"m":true,"M":true},{"a":3143920103,"p":"54206.20000000","q":"0.01530000","f":3800595008,"l":3800595013,"T":1725806357962,"m":true,"M":true},{"a":3143920104,"p":"54206.21000000","q":"0.00055000","f":3800595014,"l":3800595014,"T":1725806358050,"m":false,"M":true},{"a":3143920105,"p":"54206.21000000","q":"0.01843000","f":3800595015,"l":3800595015,"T":1725806358223,"m":false,"M":true},{"a":3143920106,"p":"54206.20000000","q":"0.00277000","f":3800595016,"l":3800595016,"T":1725806359188,"m":true,"M":true},{"a":3143920107,"p":"54206.20000000","q":"0.00036000","f":3800595017,"l":3800595017,"T":1725806359260,"m":true,"M":true},{"a":3143920108,"p":"54206.21000000","q":"0.00036000","f":3800595018,"l":3800595018,"T":1725806359853,"m":false,"M":true},{"a":3143920109,"p":"54206.20000000","q":"0.00210000","f":3800595019,"l":3800595019,"T":1725806359881,"m":true,"M":true},{"a":3143920110,"p":"54206.21000000","q":"0.11600000","f":3800595020,"l":3800595026,"T":1725806360059,"m":false,"M":true},{"a":3143920111,"p":"54206.21000000","q":"0.02889000","f":3800595027,"l":3800595029,"T":1725806360059,"m":false,"M":true},{"a":3143920112,"p":"54206.22000000","q":"0.00020000","f":3800595030,"l":3800595031,"T":1725806360059,"m":false,"M":true},{"a":3143920113,"p":"54206.23000000","q":"0.00020000","f":3800595032,"l":3800595033,"T":1725806360059,"m":false,"M":true},{"a":3143920114,"p":"54206.24000000","q":"0.00120000","f":3800595034,"l":3800595045,"T":1725806360059,"m":false,"M":true},{"a":3143920115,"p":"54206.25000000","q":"0.00175000","f":3800595046,"l":3800595048,"T":1725806360059,"m":false,"M":true},{"a":3143920116,"p":"54207.00000000","q":"0.00060000","f":3800595049,"l":3800595054,"T":1725806360059,"m":false,"M":true},{"a":3143920117,"p":"54207.00000000","q":"0.00040000","f":3800595055,"l":3800595058,"T":1725806360059,"m":false,"M":true},{"a":3143920118,"p":"54207.01000000","q":"0.01610000","f":3800595059,"l":3800595059,"T":1725806360059,"m":false,"M":true},{"a":3143920119,"p":"54207.01000000","q":"0.00439000","f":3800595060,"l":3800595061,"T":1725806360060,"m":false,"M":true},{"a":3143920120,"p":"54207.64000000","q":"0.00046000","f":3800595062,"l":3800595062,"T":1725806360060,"m":false,"M":true},{"a":3143920121,"p":"54207.99000000","q":"0.00100000","f":3800595063,"l":3800595072,"T":1725806360060,"m":false,"M":true},{"a":3143920122,"p":"54208.00000000","q":"0.02000000","f":3800595073,"l":3800595074,"T":1725806360060,"m":false,"M":true},{"a":3143920123,"p":"54208.01000000","q":"0.01806000","f":3800595075,"l":3800595078,"T":1725806360060,"m":false,"M":true},{"a":3143920124,"p":"54208.91000000","q":"0.03690000","f":3800595079,"l":3800595079,"T":1725806360061,"m":false,"M":true},{"a":3143920125,"p":"54209.00000000","q":"0.02520000","f":3800595080,"l":3800595082,"T":1725806360061,"m":false,"M":true},{"a":3143920126,"p":"54209.02000000","q":"0.00017000","f":3800595083,"l":3800595083,"T":1725806360061,"m":false,"M":true},{"a":3143920127,"p":"54210.00000000","q":"0.00034000","f":3800595084,"l":3800595085,"T":1725806360062,"m":false,"M":true},{"a":3143920128,"p":"54210.00000000","q":"0.02103000","f":3800595086,"l":3800595089,"T":1725806360062,"m":false,"M":true},{"a":3143920129,"p":"54210.01000000","q":"0.01946000","f":3800595090,"l":3800595091,"T":1725806360062,"m":false,"M":true},{"a":3143920130,"p":"54210.02000000","q":"0.02489000","f":3800595092,"l":3800595096,"T":1725806360062,"m":false,"M":true},{"a":3143920131,"p":"54210.34000000","q":"0.12085000","f":3800595097,"l":3800595097,"T":1725806360062,"m":false,"M":true},{"a":3143920132,"p":"54210.34000000","q":"0.01106000","f":3800595098,"l":3800595098,"T":1725806360062,"m":false,"M":true},{"a":3143920133,"p":"54210.97000000","q":"0.00034000","f":3800595099,"l":3800595099,"T":1725806360063,"m":false,"M":true},{"a":3143920134,"p":"54210.97000000","q":"0.00184000","f":3800595100,"l":3800595100,"T":1725806360071,"m":false,"M":true},{"a":3143920135,"p":"54210.97000000","q":"0.00034000","f":3800595101,"l":3800595102,"T":1725806360124,"m":false,"M":true},{"a":3143920136,"p":"54210.97000000","q":"0.00034000","f":3800595103,"l":3800595103,"T":1725806360124,"m":false,"M":true},{"a":3143920137,"p":"54210.97000000","q":"0.00034000","f":3800595104,"l":3800595104,"T":1725806360124,"m":false,"M":true},{"a":3143920138,"p":"54210.97000000","q":"0.00034000","f":3800595105,"l":3800595105,"T":1725806360124,"m":false,"M":true},{"a":3143920139,"p":"54210.97000000","q":"0.00034000","f":3800595106,"l":3800595106,"T":1725806360124,"m":false,"M":true},{"a":3143920140,"p":"54210.97000000","q":"0.00034000","f":3800595107,"l":3800595107,"T":1725806360124,"m":false,"M":true},{"a":3143920141,"p":"54210.97000000","q":"0.00034000","f":3800595108,"l":3800595111,"T":1725806360124,"m":false,"M":true},{"a":3143920142,"p":"54210.97000000","q":"0.00022000","f":3800595112,"l":3800595114,"T":1725806360124,"m":false,"M":true},{"a":3143920143,"p":"54210.98000000","q":"0.00012000","f":3800595115,"l":3800595116,"T":1725806360124,"m":false,"M":true},{"a":3143920144,"p":"54210.98000000","q":"0.00008000","f":3800595117,"l":3800595117,"T":1725806360124,"m":false,"M":true},{"a":3143920145,"p":"54210.99000000","q":"0.00026000","f":3800595118,"l":3800595120,"T":1725806360124,"m":false,"M":true},{"a":3143920146,"p":"54210.99000000","q":"0.00034000","f":3800595121,"l":3800595124,"T":1725806360125,"m":false,"M":true},{"a":3143920147,"p":"54210.99000000","q":"0.00034000","f":3800595125,"l":3800595127,"T":1725806360125,"m":false,"M":true},{"a":3143920148,"p":"54210.99000000","q":"0.00034000","f":3800595128,"l":3800595131,"T":1725806360125,"m":false,"M":true},{"a":3143920149,"p":"54210.99000000","q":"0.00022000","f":3800595132,"l":3800595133,"T":1725806360125,"m":false,"M":true},{"a":3143920150,"p":"54211.00000000","q":"0.00012000","f":3800595134,"l":3800595134,"T":1725806360125,"m":false,"M":true},{"a":3143920151,"p":"54211.00000000","q":"0.00036000","f":3800595135,"l":3800595135,"T":1725806360134,"m":false,"M":true},{"a":3143920152,"p":"54211.00000000","q":"0.01696000","f":3800595136,"l":3800595137,"T":1725806360163,"m":false,"M":true},{"a":3143920153,"p":"54211.00000000","q":"0.00796000","f":3800595138,"l":3800595141,"T":1725806360167,"m":false,"M":true},{"a":3143920154,"p":"54211.49000000","q":"0.00120000","f":3800595142,"l":3800595153,"T":1725806360167,"m":false,"M":true},{"a":3143920155,"p":"54211.50000000","q":"0.01515000","f":3800595154,"l":3800595154,"T":1725806360167,"m":false,"M":true},{"a":3143920156,"p":"54211.50000000","q":"0.01939000","f":3800595155,"l":3800595155,"T":1725806360167,"m":false,"M":true},{"a":3143920157,"p":"54211.50000000","q":"0.00020000","f":3800595156,"l":3800595157,"T":1725806360173,"m":false,"M":true},{"a":3143920158,"p":"54211.99000000","q":"0.00060000","f":3800595158,"l":3800595163,"T":1725806360177,"m":false,"M":true},{"a":3143920159,"p":"54211.99000000","q":"0.00190000","f":3800595164,"l":3800595180,"T":1725806360177,"m":false,"M":true},{"a":3143920160,"p":"54212.00000000","q":"0.01310000","f":3800595181,"l":3800595182,"T":1725806360177,"m":false,"M":true},{"a":3143920161,"p":"54212.00000000","q":"0.00910000","f":3800595183,"l":3800595186,"T":1725806360915,"m":false,"M":true},{"a":3143920162,"p":"54212.00000000","q":"0.00020000","f":3800595187,"l":3800595188,"T":1725806360917,"m":false,"M":true},{"a":3143920163,"p":"54212.98000000","q":"0.00014000","f":3800595189,"l":3800595190,"T":1725806360917,"m":false,"M":true},{"a":3143920164,"p":"54212.98000000","q":"0.00006000","f":3800595191,"l":3800595191,"T":1725806360917,"m":false,"M":true},{"a":3143920165,"p":"54212.99000000","q":"0.00028000","f":3800595192,"l":3800595194,"T":1725806360917,"m":false,"M":true},{"a":3143920166,"p":"54212.99000000","q":"0.00034000","f":3800595195,"l":3800595198,"T":1725806360917,"m":false,"M":true},{"a":3143920167,"p":"54212.99000000","q":"0.00034000","f":3800595199,"l":3800595201,"T":1725806360917,"m":false,"M":true},{"a":3143920168,"p":"54212.99000000","q":"0.00034000","f":3800595202,"l":3800595205,"T":1725806360917,"m":false,"M":true},{"a":3143920169,"p":"54212.99000000","q":"0.00020000","f":3800595206,"l":3800595207,"T":1725806360917,"m":false,"M":true},{"a":3143920170,"p":"54213.00000000","q":"0.00014000","f":3800595208,"l":3800595208,"T":1725806360917,"m":false,"M":true},{"a":3143920171,"p":"54212.99000000","q":"0.00030000","f":3800595209,"l":3800595209,"T":1725806360919,"m":true,"M":true},{"a":3143920172,"p":"54212.99000000","q":"0.00459000","f":3800595210,"l":3800595210,"T":1725806362087,"m":true,"M":true},{"a":3143920173,"p":"54212.99000000","q":"0.00133000","f":3800595211,"l":3800595211,"T":1725806363977,"m":true,"M":true},{"a":3143920174,"p":"54212.99000000","q":"0.00406000","f":3800595212,"l":3800595212,"T":1725806364111,"m":true,"M":true},{"a":3143920175,"p":"54212.99000000","q":"0.00037000","f":3800595213,"l":3800595213,"T":1725806364300,"m":true,"M":true},{"a":3143920176,"p":"54213.00000000","q":"0.00018000","f":3800595214,"l":3800595214,"T":1725806364428,"m":false,"M":true},{"a":3143920177,"p":"54213.00000000","q":"0.00024000","f":3800595215,"l":3800595215,"T":1725806365452,"m":false,"M":true},{"a":3143920178,"p":"54213.00000000","q":"0.00014000","f":3800595216,"l":3800595216,"T":1725806365593,"m":false,"M":true},{"a":3143920179,"p":"54213.00000000","q":"0.00042000","f":3800595217,"l":3800595217,"T":1725806366088,"m":false,"M":true},{"a":3143920180,"p":"54212.99000000","q":"0.00406000","f":3800595218,"l":3800595218,"T":1725806366111,"m":true,"M":true},{"a":3143920181,"p":"54213.00000000","q":"0.00103000","f":3800595219,"l":3800595219,"T":1725806366662,"m":false,"M":true},{"a":3143920182,"p":"54212.99000000","q":"0.00187000","f":3800595220,"l":3800595220,"T":1725806366790,"m":true,"M":true},{"a":3143920183,"p":"54212.99000000","q":"0.22729000","f":3800595221,"l":3800595221,"T":1725806367064,"m":true,"M":true},{"a":3143920184,"p":"54212.99000000","q":"0.00406000","f":3800595222,"l":3800595222,"T":1725806367111,"m":true,"M":true},{"a":3143920185,"p":"54213.00000000","q":"0.00200000","f":3800595223,"l":3800595223,"T":1725806367290,"m":false,"M":true},{"a":3143920186,"p":"54212.99000000","q":"0.00082000","f":3800595224,"l":3800595225,"T":1725806368768,"m":true,"M":true},{"a":3143920187,"p":"54212.99000000","q":"0.00022000","f":3800595226,"l":3800595226,"T":1725806369180,"m":true,"M":true},{"a":3143920188,"p":"54212.99000000","q":"0.80468000","f":3800595227,"l":3800595237,"T":1725806369338,"m":true,"M":true},{"a":3143920189,"p":"54212.99000000","q":"0.00034000","f":3800595238,"l":3800595239,"T":1725806369344,"m":true,"M":true},{"a":3143920190,"p":"54212.99000000","q":"0.00034000","f":3800595240,"l":3800595240,"T":1725806369344,"m":true,"M":true},{"a":3143920191,"p":"54212.99000000","q":"0.00034000","f":3800595241,"l":3800595241,"T":1725806369344,"m":true,"M":true},{"a":3143920192,"p":"54212.99000000","q":"0.00034000","f":3800595242,"l":3800595242,"T":1725806369344,"m":true,"M":true},{"a":3143920193,"p":"54212.99000000","q":"0.00034000","f":3800595243,"l":3800595243,"T":1725806369344,"m":true,"M":true},{"a":3143920194,"p":"54212.99000000","q":"0.00034000","f":3800595244,"l":3800595244,"T":1725806369344,"m":true,"M":true},{"a":3143920195,"p":"54212.99000000","q":"0.00034000","f":3800595245,"l":3800595245,"T":1725806369344,"m":true,"M":true},{"a":3143920196,"p":"54212.99000000","q":"0.00034000","f":3800595246,"l":3800595247,"T":1725806369344,"m":true,"M":true},{"a":3143920197,"p":"54212.99000000","q":"0.00034000","f":3800595248,"l":3800595248,"T":1725806369344,"m":true,"M":true},{"a":3143920198,"p":"54212.99000000","q":"0.00034000","f":3800595249,"l":3800595249,"T":1725806369344,"m":true,"M":true},{"a":3143920199,"p":"54212.99000000","q":"0.00034000","f":3800595250,"l":3800595250,"T":1725806369344,"m":true,"M":true},{"a":3143920200,"p":"54212.99000000","q":"0.00034000","f":3800595251,"l":3800595251,"T":1725806369344,"m":true,"M":true},{"a":3143920201,"p":"54212.99000000","q":"0.00034000","f":3800595252,"l":3800595252,"T":1725806369344,"m":true,"M":true},{"a":3143920202,"p":"54212.99000000","q":"0.00034000","f":3800595253,"l":3800595253,"T":1725806369344,"m":true,"M":true},{"a":3143920203,"p":"54212.99000000","q":"0.00022000","f":3800595254,"l":3800595254,"T":1725806369344,"m":true,"M":true},{"a":3143920204,"p":"54212.98000000","q":"0.00012000","f":3800595255,"l":3800595256,"T":1725806369344,"m":true,"M":true},{"a":3143920205,"p":"54212.98000000","q":"0.00124000","f":3800595257,"l":3800595258,"T":1725806369347,"m":true,"M":true},{"a":3143920206,"p":"54212.98000000","q":"0.00020000","f":3800595259,"l":3800595260,"T":1725806369368,"m":true,"M":true},{"a":3143920207,"p":"54212.97000000","q":"0.00014000","f":3800595261,"l":3800595262,"T":1725806369368,"m":true,"M":true},{"a":3143920208,"p":"54212.97000000","q":"0.00006000","f":3800595263,"l":3800595263,"T":1725806369368,"m":true,"M":true},{"a":3143920209,"p":"54212.96000000","q":"0.00020000","f":3800595264,"l":3800595265,"T":1725806369368,"m":true,"M":true},{"a":3143920210,"p":"54212.95000000","q":"0.00008000","f":3800595266,"l":3800595266,"T":1725806369368,"m":true,"M":true},{"a":3143920211,"p":"54212.95000000","q":"0.00012000","f":3800595267,"l":3800595268,"T":1725806369368,"m":true,"M":true},{"a":3143920212,"p":"54212.01000000","q":"0.00020000","f":3800595269,"l":3800595270,"T":1725806369368,"m":true,"M":true},{"a":3143920213,"p":"54212.00000000","q":"0.00002000","f":3800595271,"l":3800595271,"T":1725806369368,"m":true,"M":true},{"a":3143920214,"p":"54212.00000000","q":"0.00034000","f":3800595272,"l":3800595274,"T":1725806369368,"m":true,"M":true},{"a":3143920215,"p":"54212.00000000","q":"0.00034000","f":3800595275,"l":3800595275,"T":1725806369368,"m":true,"M":true},{"a":3143920216,"p":"54212.00000000","q":"0.00034000","f":3800595276,"l":3800595276,"T":1725806369368,"m":true,"M":true},{"a":3143920217,"p":"54212.00000000","q":"0.00034000","f":3800595277,"l":3800595277,"T":1725806369368,"m":true,"M":true},{"a":3143920218,"p":"54212.00000000","q":"0.00034000","f":3800595278,"l":3800595278,"T":1725806369368,"m":true,"M":true},{"a":3143920219,"p":"54212.00000000","q":"0.00034000","f":3800595279,"l":3800595279,"T":1725806369368,"m":true,"M":true},{"a":3143920220,"p":"54212.00000000","q":"0.00034000","f":3800595280,"l":3800595280,"T":1725806369368,"m":true,"M":true},{"a":3143920221,"p":"54212.00000000","q":"0.00034000","f":3800595281,"l":3800595281,"T":1725806369368,"m":true,"M":true},{"a":3143920222,"p":"54212.00000000","q":"0.00034000","f":3800595282,"l":3800595282,"T":1725806369368,"m":true,"M":true},{"a":3143920223,"p":"54212.00000000","q":"0.00034000","f":3800595283,"l":3800595283,"T":1725806369368,"m":true,"M":true},{"a":3143920224,"p":"54212.00000000","q":"0.00034000","f":3800595284,"l":3800595284,"T":1725806369368,"m":true,"M":true},{"a":3143920225,"p":"54212.00000000","q":"0.00034000","f":3800595285,"l":3800595285,"T":1725806369368,"m":true,"M":true},{"a":3143920226,"p":"54212.00000000","q":"0.00034000","f":3800595286,"l":3800595287,"T":1725806369368,"m":true,"M":true},{"a":3143920227,"p":"54212.00000000","q":"0.00025000","f":3800595288,"l":3800595290,"T":1725806369368,"m":true,"M":true},{"a":3143920228,"p":"54211.99000000","q":"0.00009000","f":3800595291,"l":3800595291,"T":1725806369368,"m":true,"M":true},{"a":3143920229,"p":"54211.99000000","q":"0.00051000","f":3800595292,"l":3800595296,"T":1725806369379,"m":true,"M":true},{"a":3143920230,"p":"54211.51000000","q":"0.00011000","f":3800595297,"l":3800595298,"T":1725806369379,"m":true,"M":true},{"a":3143920231,"p":"54211.51000000","q":"0.00019000","f":3800595299,"l":3800595300,"T":1725806369391,"m":true,"M":true},{"a":3143920232,"p":"54211.50000000","q":"0.00015000","f":3800595301,"l":3800595301,"T":1725806369391,"m":true,"M":true},{"a":3143920233,"p":"54211.51000000","q":"0.00185000","f":3800595302,"l":3800595302,"T":1725806369645,"m":false,"M":true},{"a":3143920234,"p":"54211.50000000","q":"0.01098000","f":3800595303,"l":3800595303,"T":1725806369963,"m":true,"M":true},{"a":3143920235,"p":"54211.50000000","q":"0.02919000","f":3800595304,"l":3800595304,"T":1725806370392,"m":true,"M":true},{"a":3143920236,"p":"54211.50000000","q":"0.08216000","f":3800595305,"l":3800595309,"T":1725806371531,"m":true,"M":true},{"a":3143920237,"p":"54211.50000000","q":"0.00036000","f":3800595310,"l":3800595313,"T":1725806371632,"m":true,"M":true},{"a":3143920238,"p":"54211.01000000","q":"0.00044000","f":3800595314,"l":3800595318,"T":1725806371632,"m":true,"M":true},{"a":3143920239,"p":"54211.01000000","q":"0.00076000","f":3800595319,"l":3800595326,"T":1725806371633,"m":true,"M":true},{"a":3143920240,"p":"54211.00000000","q":"0.02020000","f":3800595327,"l":3800595330,"T":1725806371633,"m":true,"M":true},{"a":3143920241,"p":"54210.99000000","q":"0.00020000","f":3800595331,"l":3800595332,"T":1725806371633,"m":true,"M":true},{"a":3143920242,"p":"54210.97000000","q":"0.00020000","f":3800595333,"l":3800595334,"T":1725806371633,"m":true,"M":true},{"a":3143920243,"p":"54210.30000000","q":"0.00100000","f":3800595335,"l":3800595344,"T":1725806371634,"m":true,"M":true},{"a":3143920244,"p":"54210.29000000","q":"0.03690000","f":3800595345,"l":3800595345,"T":1725806371634,"m":true,"M":true},{"a":3143920245,"p":"54210.01000000","q":"0.00100000","f":3800595346,"l":3800595355,"T":1725806371634,"m":true,"M":true},{"a":3143920246,"p":"54210.00000000","q":"0.02520000","f":3800595356,"l":3800595358,"T":1725806371634,"m":true,"M":true},{"a":3143920247,"p":"54209.00000000","q":"0.00034000","f":3800595359,"l":3800595359,"T":1725806371634,"m":true,"M":true},{"a":3143920248,"p":"54209.00000000","q":"0.01099000","f":3800595360,"l":3800595361,"T":1725806371963,"m":true,"M":true},{"a":3143920249,"p":"54209.00000000","q":"0.00983000","f":3800595362,"l":3800595374,"T":1725806372078,"m":true,"M":true},{"a":3143920250,"p":"54208.11000000","q":"0.00020000","f":3800595375,"l":3800595376,"T":1725806372078,"m":true,"M":true},{"a":3143920251,"p":"54208.10000000","q":"0.00020000","f":3800595377,"l":3800595378,"T":1725806372078,"m":true,"M":true},{"a":3143920252,"p":"54208.01000000","q":"0.00120000","f":3800595379,"l":3800595390,"T":1725806372078,"m":true,"M":true},{"a":3143920253,"p":"54208.00000000","q":"0.00079000","f":3800595391,"l":3800595391,"T":1725806372078,"m":true,"M":true},{"a":3143920254,"p":"54208.00000000","q":"0.01380000","f":3800595392,"l":3800595392,"T":1725806372110,"m":true,"M":true},{"a":3143920255,"p":"54208.00000000","q":"0.01099000","f":3800595393,"l":3800595393,"T":1725806372963,"m":true,"M":true},{"a":3143920256,"p":"54208.00000000","q":"0.00028000","f":3800595394,"l":3800595394,"T":1725806374091,"m":true,"M":true}]